@book{cormen_dfs,
  title={Εισαγωγή στους Αλγορίθμους},
  author= {\foreignlanguage{english}{Thomas H. Cormen, Charles E. Leiserson, Ronald L. Rivest Clifford Stein}},
  year={2021},
  publisher={Πανεπιστημιακές Εκδόσεις Κρήτης},
  pages="598--602"
}

@book{cormen_mergesort,
  title={Εισαγωγή στους Αλγορίθμους},
  author= {\foreignlanguage{english}{Thomas H. Cormen, Charles E. Leiserson, Ronald L. Rivest Clifford Stein}},
  year={2021},
  publisher={Πανεπιστημιακές Εκδόσεις Κρήτης},
  pages="33--37"
}